<?xml version="1.0" encoding="UTF-8"?>
<collection
        xmlns:xsi="http://www.w3.org/2001/XMLSchema-instance"
        xsi:schemaLocation="http://www.loc.gov/MARC21/slim http://www.loc.gov/standards/marcxml/schema/MARC21slim.xsd"
        xmlns="http://www.loc.gov/MARC21/slim">
    <record>
        <leader>01016 am a2200193   4500</leader>
        <controlfield tag="001">000001</controlfield>
        <controlfield tag="008">                      a          1dmul 2</controlfield>
        <datafield tag="015" ind1=" " ind2=" ">
            <subfield code="a">0250080</subfield>
            <subfield code="b">BIBBI</subfield>
        </datafield>
        <datafield tag="019" ind1=" " ind2=" ">
            <subfield code="a">bu,u,mu</subfield>
            <subfield code="b">l</subfield>
            <subfield code="d">AN</subfield>
            <subfield code="e">tatbtctdtetftgthtj</subfield>
            <subfield code="s">18</subfield>
        </datafield>
        <datafield tag="020" ind1=" " ind2=" ">
            <subfield code="a">000-12-345-678-9</subfield>
            <subfield code="b">ib.</subfield>
            <subfield code="c">Nkr 199.00</subfield>
        </datafield>
        <datafield tag="025" ind1=" " ind2=" ">
            <subfield code="a">8717418326272</subfield>
        </datafield>
        <datafield tag="035" ind1=" " ind2=" ">
            <subfield code="a">0250080</subfield>
        </datafield>
        <!-- should result in two extra languages for publication and two for work plus one subtitles -->
        <datafield tag="041" ind1=" " ind2=" ">
            <subfield code="a">danswe</subfield>
            <subfield code="b">eng</subfield>
            <subfield code="h">armaze</subfield>
        </datafield>
        <datafield tag="082" ind1="3" ind2="1">
            <subfield code="a">839.823</subfield>
            <subfield code="2">5</subfield>
        </datafield>
        <!-- should result in locationFormat, locationClassNumber and locationSignature -->
        <datafield tag="090" ind1=" " ind2=" ">
            <subfield code="b">q</subfield>
            <subfield code="c">338.09481</subfield>
            <subfield code="d">N</subfield>
        </datafield>
        <!-- should result in a person as main entry -->
        <datafield tag="100" ind1=" " ind2="0">
            <subfield code="a">Eksempelsen, Eksempel</subfield>
            <subfield code="d">1931-</subfield>
            <subfield code="j">n.-nam.</subfield>
        </datafield>
        <!-- should result in a corporation as main entry -->
        <datafield tag="110" ind1=" " ind2="0">
            <subfield code="a">Norsk Rikskringkasting</subfield>
            <subfield code="b">Aktivum</subfield>
            <subfield code="c">Oslo</subfield>
            <subfield code="e">forf.</subfield>
            <subfield code="q">Et norsk statlig eid kringkastingsselskap som kringkaster innen radio, fjernsyn og nye medier.</subfield>
        </datafield>
        <datafield tag="240" ind1="2" ind2="0">
            <subfield code="a">A example</subfield>
            <subfield code="b">a novel</subfield>
            <subfield code="c">Eksempel Eksempelsen</subfield>
            <subfield code="n">Book 2</subfield>
        </datafield>
        <datafield tag="245" ind1="3" ind2="0">
            <subfield code="a">Et eksempel</subfield>
            <subfield code="b">roman</subfield>
            <subfield code="c">Eksempel Eksempelsen</subfield>
            <subfield code="n">Andre bok</subfield>
        </datafield>
        <datafield tag="250" ind1=" " ind2=" ">
            <subfield code="a">1. utg.</subfield>
        </datafield>
        <datafield tag="260" ind1=" " ind2=" ">
            <subfield code="a">Oslo</subfield>
            <subfield code="b">Oktober</subfield>
            <subfield code="c">2007</subfield>
        </datafield>
        <datafield tag="300" ind1=" " ind2=" ">
            <subfield code="a">191 s.</subfield>
            <subfield code="b">kol. ill.,fig.</subfield>
        </datafield>
        <datafield tag="440" ind1=" " ind2="0">
            <subfield code="a">Karsten og Petra-bøkene</subfield>
            <subfield code="v">12</subfield>
            <subfield code="b">Gyldendahl Norsk Forlag AS</subfield>
            <subfield code="x">1234-0098</subfield>
        </datafield>
        <datafield tag="520" ind1=" " ind2=" ">
            <subfield code="a">Eksempel Eksempelsens tredje, selv-biografisk roman, sørger for tung lesing samt behov for suppe. Det er ingen tvil om at denne blir en norsk klassiker som kan måles opp mot blant annet Karsten og Petra har Lucia-fest.</subfield>
        </datafield>
        <!-- shoudl result in person and general subject (Fortellinger) as subject -->
        <datafield tag="600" ind1=" " ind2="2">
            <subfield code="a">Eksempelsen, Eksempel senior</subfield>
            <subfield code="d">1899-</subfield>
            <subfield code="j">n.</subfield>
            <subfield code="x">Fortellinger</subfield>
            <subfield code="1">839.823</subfield>
            <subfield code="2">BS</subfield>
            <subfield code="9">nob</subfield>
        </datafield>
        <!-- should result in person Haakon as subject -->
        <datafield tag="600" ind1=" " ind2="1">
            <subfield code="a">Haakon</subfield>
            <subfield code="b">VII</subfield>
            <subfield code="c">konge av Norge</subfield>
            <subfield code="d">1872-1957</subfield>
            <subfield code="q">Christian Frederik Carl Georg Valdemar Axel</subfield>
            <subfield code="w">Håkon</subfield>
            <subfield code="1">948.104092</subfield>
            <subfield code="2">BS</subfield>
            <subfield code="9">nob</subfield>
        </datafield>
        <!-- should result in a work titled Hamlet with contribution from Shakespeare. The work Hamlet is subject of main work. -->
        <datafield tag="600" ind1=" " ind2="1">
            <subfield code="a">Shakespeare, William</subfield>
            <subfield code="d">1564-1616</subfield>
            <subfield code="t">Hamlet</subfield>
        </datafield>
        <!-- should result in Hermansen, Peder Gunvald as person and subject -->
        <datafield tag="600" ind1=" " ind2="1">
            <subfield code="a">Hermansen, Peder Gunvald</subfield>
            <subfield code="c">jurist og byoriginal</subfield>
            <subfield code="d">1910-1993</subfield>
            <subfield code="j">n.</subfield>
            <subfield code="2">BS</subfield>
            <subfield code="9">nor</subfield>
            <subfield code="z">Oslo</subfield>
        </datafield>
        <!-- shoudl result in Exxon Subject as subject -->
        <datafield tag="610" ind1=" " ind2="2">
            <subfield code="a">Exxon</subfield>
            <subfield code="b">Exxon Subject</subfield>
            <subfield code="c">Alaska</subfield>
            <subfield code="q">skip</subfield>
            <subfield code="x">Oil spill</subfield>
            <subfield code="z">North America</subfield>
            <subfield code="0">miljøforurensing</subfield>
            <subfield code="2">BS</subfield>
            <subfield code="2">BS</subfield>
            <subfield code="9">nob</subfield>
        </datafield>
        <!-- shoudl result in an Event as subject -->
        <datafield tag="611" ind1=" " ind2="2">
            <subfield code="a">FIFA World Cup</subfield>
            <subfield code="c">Spania</subfield>
            <subfield code="d">1982</subfield>
            <subfield code="n">2</subfield>
            <subfield code="q">VM i fotball</subfield>
        </datafield>
        <!-- should result in a work (Bibelen), a place (Judea) and a general subject (Kristendom) as subjects -->
        <datafield tag="630" ind1=" " ind2="0">
            <subfield code="a">Bibelen</subfield>
            <subfield code="b">Fra Gud til menneske</subfield>
            <subfield code="f">1858</subfield>
            <subfield code="l">Norsk</subfield>
            <subfield code="n">1</subfield>
            <subfield code="p">NT</subfield>
            <subfield code="x">Kristendom</subfield>
            <subfield code="z">Judea</subfield>
        </datafield>
        <!-- should result in subjects Kulturminnevern and Røros -->
        <datafield tag="650" ind1=" " ind2="1">
            <subfield code="a">Kulturminnevern</subfield>
            <subfield code="q">Ta vare på gamle ting</subfield>
            <subfield code="z">Røros</subfield>
            <subfield code="2">BS</subfield>
            <subfield code="2">BS</subfield>
            <subfield code="9">nor</subfield>
        </datafield>
        <!-- should result in subjects Kulturhistorie and Røros -->
        <datafield tag="651" ind1=" " ind2="2">
            <subfield code="a">Røros</subfield>
            <subfield code="x">Kulturhistorie</subfield>
            <subfield code="x">Nipsperioden</subfield>
            <subfield code="z">Åstjønna</subfield>
            <subfield code="1">948.414</subfield>
            <subfield code="2">BS</subfield>
            <subfield code="9">nor</subfield>
        </datafield>
        <!-- should result in Unescos verdensarvliste as general subject -->
        <datafield tag="653" ind1=" " ind2="2">
            <subfield code="a">Unescos verdensarvliste</subfield>
            <subfield code="2">BS</subfield>
            <subfield code="9">nob</subfield>
        </datafield>
        <!-- should result in genre Biografisk -->
        <datafield tag="655" ind1=" " ind2="2">
            <subfield code="a">Biografisk</subfield>
            <subfield code="2">BS</subfield>
            <subfield code="9">nor</subfield>
        </datafield>
        <!-- should result in Jimson Jimson as person and contribution eith role illustrator -->
        <datafield tag="700" ind1=" " ind2="0">
            <subfield code="a">Jimson Jimson</subfield>
            <subfield code="e">illustr.</subfield>
        </datafield>
        <!-- should result in a publicationPart with title "En julefortelling"  -->
        <datafield tag="700" ind1=" " ind2="2">
            <subfield code="a">Dickens, Charles</subfield>
            <subfield code="d">1812-1870</subfield>
            <subfield code="j">eng.</subfield>
            <subfield code="t">En julefortelling</subfield>
            <subfield code="u">julefortelling</subfield>
        </datafield>
        <!-- should result in a basedOn relation -->
        <datafield tag="700" ind1=" " ind2=" ">
            <subfield code="a">Tom Clancford</subfield>
            <subfield code="d">1808-1899</subfield>
            <subfield code="j">eng.</subfield>
            <subfield code="t">Den originale julefortelling</subfield>
            <subfield code="u">julefortelling</subfield>
        </datafield>
        <!-- should result in a contribution with default role (contributor) related to publication -->
        <datafield tag="700" ind1=" " ind2="2">
            <subfield code="a">Capote, Truman</subfield>
            <subfield code="c">real name Truman Streckfus Persons</subfield>
        </datafield>
        <!-- should result in publicationPart with Exxon as agent and role author -->
        <datafield tag="710" ind1=" " ind2="2">
            <subfield code="a">Exxon</subfield>
            <subfield code="b">Exxon Publicationpart</subfield>
            <subfield code="c">Alaska</subfield>
            <subfield code="e">forf.</subfield>
            <subfield code="t">Sunken ships in the horizon</subfield>
            <subfield code="q">skip</subfield>
        </datafield>
        <!-- should result in a contribution by Exxon with default role -->
        <datafield tag="710" ind1=" " ind2=" ">
            <subfield code="a">Exxon</subfield>
            <subfield code="b">Exxon Contributor</subfield>
            <subfield code="c">Alaska</subfield>
            <subfield code="t">Oil, oil everywhere</subfield>
            <subfield code="q">skip</subfield>
        </datafield>
        <!-- should result in publicationPart which is from a uniform title -->
        <datafield tag="730" ind1=" " ind2="2">
            <subfield code="a">Bibelen</subfield>
            <subfield code="b">Fantasifulle påfunn</subfield>
            <subfield code="f">1511</subfield>
            <subfield code="n">2</subfield>
            <subfield code="p">NT</subfield>
        </datafield>
        <!-- should result in a work without main entry from a uniform title -->
        <datafield tag="730" ind1=" " ind2=" ">
            <subfield code="a">Bibelen II</subfield>
            <subfield code="b">Hvis Judas fikk bestemme</subfield>
            <subfield code="f">1611</subfield>
            <subfield code="n">3</subfield>
            <subfield code="p">Judasevangeliet</subfield>
        </datafield>
        <!-- should result in alternative title of work -->
        <datafield tag="740" ind1=" " ind2=" ">
            <subfield code="a">Alt title</subfield>
        </datafield>
        <!-- should result in publication part-->
        <datafield tag="740" ind1=" " ind2="2">
            <subfield code="a">Part title</subfield>
        </datafield>
        <!-- should result in relationship to a work that follows this-->
        <datafield tag="780" ind1=" " ind2="2">
            <subfield code="t">Next</subfield>
        </datafield>
        <!-- should result in relationship to a work that precedes this-->
        <datafield tag="785" ind1=" " ind2="2">
            <subfield code="t">Previous</subfield>
        </datafield>
    </record>
</collection>